@article{mitchell,
	Author = {Mitchell, T.},
	Title = {Generalization as Search},
	Journal = {Artificial Intelligence},
	Year = {1982}
}

@inproceedings{lau,
	author = {Lau, Tessa A. and Domingos, Pedro and Weld, Daniel S.},
	title = {Version Space Algebra and Its Application to Programming by Demonstration},
	year = {2000},
	booktitle = {ICML},
}

@inproceedings{hirsh,
	author = {Hirsh, H.},
	title = {Theoretical Underpinnings of Version Spaces},
	year = {1991},
	booktitle = {IJCAI},
}

@inproceedings{Pardowitz,
	author = {Pardowitz, Michael and Glaser, Bernhard and Dillmann, R\"{u}diger},
	title = {Learning Repetitive Robot Programs from Demonstrations Using Version Space Algebra},
	year = {2007},
	booktitle = {International Conference on Robotics and Applications},
}

@article{shell,
	title={Programming Shell Scripts by Demonstration},
	author={Yadav, Jyoti and Chandel, Jyoti and Gupta, Neha},
	year={2004},
	booktitle = {AAAI},
}

@inproceedings{python,
	author = {Domingos, Pedro and Weld, Daniel},
	year = {2003},
	title = {Learning Programs from Traces Using Version Space Algebra},
	booktitle = {K-CAP},
}